@inproceedings{abbas-mixtures,
 author = {Hassan Ashtiani and Shai Ben-David and Abbas Mehrabian},
 title = {Sample-efficient learning of mixtures},
 booktitle = {Proceedings of the Thirty-Second AAAI Conference on Artificial Intelligence},
 series = {AAAI '18},
 year = {2018},
 pages = {2679--2686},
 numpages = {8},
 url = {https://www.aaai.org/ocs/index.php/AAAI/AAAI18/paper/view/16277},
 publisher = {AAAI Publications.},
 note = {Available at \url{https://arxiv.org/abs/1706.01596}}
} 

@article{2017-abbas,
  author = {Ashtiani, H. and Ben-David, S. and Harvey, N. and Liaw, C. and Mehrabian, A. and Plan, Y.},
  title = {Settling the sample complexity for learning mixtures of {G}aussians},
  journal = {ArXiv e-prints},
  year = 2018,
  note = {Available at \url{https://arxiv.org/abs/1710.05209v2}},
}

@book{devroye-lugosi,
  author = {Devroye, Luc and Lugosi, G\'{a}bor},
  title = {Combinatorial Methods in Density Estimation},
  year = 2001,
  series = {Springer Series in Statistics},
  publisher = {Springer-Verlag, New York},
  MRNUMBER = {1843146}
}

@article{gilbert,
  author = {Gilbert, Edgar N.},
  title = {A comparison of signalling alphabets},
  journal = {Bell System Tech. J.},
  volume = {31},
  number = {3},
  pages = {504--522},
  year = {1952},
  publisher = {Wiley Online Library}
}

@article{varshamov,
  title={The evaluation of signals in codes with correction of errors},
  author={Var\v{s}amov, R. R.},
  journal={Dokl. Akad. Nauk},
  volume={117},
  number={5},
  pages={739--741},
  year={1957},
  MRNUMBER={0095090}
}

@incollection{yu-survey,
  title={{A}ssouad, {F}ano, and {L}e {C}am},
  author={Yu, Bin},
  booktitle={Festschrift for {L}ucien {L}e {C}am},
  pages={423--435},
  year={1997},
  publisher={Springer, New York},
  MRNUMBER = {1462963}
}

@article {assouad,
    AUTHOR = {Assouad, Patrice},
    TITLE = {Deux remarques sur l'estimation},
    JOURNAL = {C. R. Acad. Sci. Paris S\'er. I Math.},
    FJOURNAL = {Comptes Rendus des S\'eances de l'Acad\'emie des Sciences. S\'erie I. Math\'ematique},
    VOLUME = {296},
    YEAR = {1983},
    NUMBER = {23},
    PAGES = {1021--1024},
    ISSN = {0249-6291},
    MRCLASS = {62C20 (93E10)},
    MRNUMBER = {777600},
    MRREVIEWER = {Jean Larisse}
}
							  
@article{lecam-1,
  title={Convergence of estimates under dimensionality restrictions},
  author={Le Cam, Lucien},
  journal={Ann. Statist.},
  pages={38--53},
  volume={1},
  year={1973},
  MRNUMBER = {0334381}
}

@book{lecam-2,
  title={Asymptotic Methods in Statistical Decision Theory},
  author={Le Cam, Lucien},
  year={1986},
  series = {Springer Series in Statistics},
  publisher={Springer-Verlag, New York},
  MRNUMBER = {856411}
}

@book{devroye-course,
  title = {A Course in Density Estimation},
  author = {Devroye, Luc},
  volume = {14},
  pages = {xx+183},
  series = {Progress in Probability and Statistics},
  publisher = {Birkh\"{a}user Boston, Inc., Boston, MA},
  year = {1987},
  MRNUMBER = {891874}
}

@article {has-fano,
    AUTHOR = {Has'minski\u\i , R. Z.},
    TITLE = {A lower bound for risks of nonparametric density estimates in the uniform metric},
    JOURNAL = {Teor. Veroyatnost. i Primenen.},
    FJOURNAL = {Akademiya Nauk SSSR. Teoriya Veroyatnoste\u\i \ i ee Primeneniya},
    VOLUME = {23},
    YEAR = {1978},
    NUMBER = {4},
    PAGES = {824--828},
    ISSN = {0040-361X},
    MRCLASS = {62G05},
    MRNUMBER = {516279},
    MRREVIEWER = {Wolfgang Wertz},
}

@article {vapnik-cherv,
    AUTHOR = {Vapnik, V. N. and \v{C}ervonenkis, A. Ja.},
    TITLE = {The uniform convergence of frequencies of the appearance of events to their probabilities},
    JOURNAL = {Teor. Verojatnost. i Primenen.},
    FJOURNAL = {Akademija Nauk SSSR. Teorija Verojatnoste\u\i \ i ee Primenenija},
    VOLUME = {16},
    YEAR = {1971},
    PAGES = {264--279},
    ISSN = {0040-361x},
    MRCLASS = {60.30},
    MRNUMBER = {0288823},
    MRREVIEWER = {R. M. Dudley},
}

@book {kullback-book,
    AUTHOR = {Kullback, Solomon},
    TITLE = {Information Theory and Statistics},
    NOTE = {Reprint of the second (1968) edition},
    PUBLISHER = {Dover Publications, Inc., Mineola, NY.},
    YEAR = {1997},
    PAGES = {xvi+399},
    ISBN = {0-486-69684-7},
    MRCLASS = {62B10},
    MRNUMBER = {1461541},
}
				      
@book{vershynin-book,
  title = {High-Dimensional Probability},
  author = {Vershynin, R.},
  year = {2018},
  publisher = {Cambridge University Press},
  note = {To appear, available at \url{https://www.math.uci.edu/~rvershyn/papers/HDP-book/HDP-book.pdf}}
}

@incollection{acharya-lower-bound,
title = {Near-optimal-sample estimators for spherical {G}aussian mixtures},
author = {Acharya, Jayadev and Jafarpour, Ashkan and Orlitsky, Alon and Suresh, Ananda Theertha},
booktitle = {Advances in Neural Information Processing Systems 27},
editor = {Z. Ghahramani and M. Welling and C. Cortes and N. D. Lawrence and K. Q. Weinberger},
pages = {1395--1403},
year = {2014},
publisher = {Curran Associates, Inc.},
url = {http://papers.nips.cc/paper/5251-near-optimal-sample-estimators-for-spherical-gaussian-mixtures.pdf},
note = {Available at \url{http://papers.nips.cc/paper/5251-near-optimal-sample-estimators-for-spherical-gaussian-mixtures.pdf}}
}


@book {matrix_analysis,
    AUTHOR = {Horn, Roger A. and Johnson, Charles R.},
     TITLE = {Matrix Analysis},
   EDITION = {Second},
 PUBLISHER = {Cambridge University Press, Cambridge},
      YEAR = {2013},
     PAGES = {xviii+643},
      ISBN = {978-0-521-54823-6},
   MRCLASS = {15-01},
  MRNUMBER = {2978290},
MRREVIEWER = {Mohammad Sal Moslehian},
}

@article {dudley_vectorspace,
author = "Dudley, R. M.",
doi = "10.1214/aop/1176995384",
fjournal = "The Annals of Probability",
journal = "Ann. Probab.",
number = "6",
pages = "899--929",
publisher = "The Institute of Mathematical Statistics",
title = "Central limit theorems for empirical measures",
url = "https://doi.org/10.1214/aop/1176995384",
volume = "6",
year = "1978",
MRNUMBER = {512411}
}

@inproceedings{Shanmugam-lower,
 author = {Shanmugam, Karthikeyan and Tandon, Rashish and Dimakis, Alexandros G. and Ravikumar, Pradeep},
 title = {On the information theoretic limits of learning {I}sing models},
 booktitle = {Proceedings of the 27th International Conference on Neural Information Processing Systems},
 volume={2},
 series = {NIPS'14},
 year = {2014},
 location = {Montreal, Canada},
 pages = {2303--2311},
 numpages = {9},
 url = {http://dl.acm.org/citation.cfm?id=2969033.2969084},
 acmid = {2969084},
 publisher = {MIT Press},
 address = {Cambridge, MA, USA},
} 

@article {Santhanam-lower,
    AUTHOR = {Santhanam, Narayana P. and Wainwright, Martin J.},
    TITLE = {Information-theoretic limits of selecting binary graphical models in high dimensions},
    JOURNAL = {IEEE Trans. Inform. Theory},
    FJOURNAL = {Institute of Electrical and Electronics Engineers. Transactions on Information Theory},
    VOLUME = {58},
    YEAR = {2012},
    NUMBER = {7},
    PAGES = {4117--4134},
    ISSN = {0018-9448},
    MRCLASS = {62H17 (05C90 62G05 62M40 94A15)},
    MRNUMBER = {2943079},
    DOI = {10.1109/TIT.2012.2191659},
    URL = {https://doi.org/10.1109/TIT.2012.2191659},
}

@incollection {Klivans-upper,
    AUTHOR = {Klivans, Adam R. and Meka, Raghu},
    TITLE = {Learning graphical models using multiplicative weights},
    BOOKTITLE = {58th {A}nnual {IEEE} {S}ymposium on {F}oundations of {C}omputer {S}cience---{FOCS} 2017},
    PAGES = {343--354},
    PUBLISHER = {IEEE Computer Soc., Los Alamitos, CA},
    YEAR = {2017},
    MRCLASS = {68T05 (68Q87)},
    MRNUMBER = {3734242},
}

@incollection{Hamilton-upper,
title = {Information theoretic properties of {M}arkov random fields, and their algorithmic applications},
author = {Hamilton, Linus and Koehler, Frederic and Moitra, Ankur},
booktitle = {Advances in Neural Information Processing Systems 30},
editor = {I. Guyon and U. V. Luxburg and S. Bengio and H. Wallach and R. Fergus and S. Vishwanathan and R. Garnett},
pages = {2463--2472},
year = {2017},
publisher = {Curran Associates, Inc.},
url = {http://papers.nips.cc/paper/6840-information-theoretic-properties-of-markov-random-fields-and-their-algorithmic-applications.pdf}
}

@inproceedings{costis-2018,
author = {Constantinos Daskalakis and Nishanth Dikkala and Gautam Kamath},
title = {Testing {I}sing models},
booktitle = {Proceedings of the Twenty-Ninth Annual ACM-SIAM Symposium on Discrete Algorithms},
year={2018},
pages = {1989-2007},
doi = {10.1137/1.9781611975031.130},
URL = {https://epubs.siam.org/doi/abs/10.1137/1.9781611975031.130},
eprint = {https://epubs.siam.org/doi/pdf/10.1137/1.9781611975031.130}
}

@book {talagrand-2003,
    AUTHOR = {Talagrand, Michel},
    TITLE = {Spin Glasses: A Challenge for Mathematicians. Cavity and Mean Field Models},
    SERIES = {Ergebnisse der Mathematik und ihrer Grenzgebiete. 3. Folge. A Series of Modern Surveys in Mathematics},
    VOLUME = {46},
    PUBLISHER = {Springer-Verlag, Berlin},
    YEAR = {2003},
    PAGES = {x+586},
    ISBN = {3-540-00356-8},
    MRCLASS = {82B44 (60K35 82-02 82B20 82D30)},
    MRNUMBER = {1993891},
    MRREVIEWER = {Anton Bovier},
}

@book {talagrand-2011,
    AUTHOR = {Talagrand, Michel},
    TITLE = {Mean Field Models for Spin Glasses. {V}olume {II}. Advanced Replica-Symmetry and Low Temperature},
    SERIES = {Ergebnisse der Mathematik und ihrer Grenzgebiete. 3. Folge. A Series of Modern Surveys in Mathematics},
    VOLUME = {55},
    PUBLISHER = {Springer, Heidelberg},
    YEAR = {2011},
    PAGES = {xii+629},
    ISBN = {978-3-642-22252-8; 978-3-642-22253-5},
    MRCLASS = {60F10 (60G15 60K35 82B44 82C32 92E10)},
    MRNUMBER = {3024566},
    MRREVIEWER = {Francis Comets},
}

@book {talagrand-2010,
    AUTHOR = {Talagrand, Michel},
    TITLE = {Mean Field Models for Spin Glasses. {V}olume {I}. Basic Examples},
    SERIES = {Ergebnisse der Mathematik und ihrer Grenzgebiete. 3. Folge. A Series of Modern Surveys in Mathematics},
    VOLUME = {54},
    PUBLISHER = {Springer-Verlag, Berlin},
    YEAR = {2011},
    PAGES = {xviii+485},
    ISBN = {978-3-642-15201-6},
    MRCLASS = {82B44 (60K35 60K37 82-02 82C32 82C44 82D30 92B20)},
    MRNUMBER = {2731561},
    MRREVIEWER = {Francis Comets},
    DOI = {10.1007/978-3-642-15202-3},
    URL = {https://doi.org/10.1007/978-3-642-15202-3},
}

@book{gabor-concentration,
  title={Concentration Inequalities: A Nonasymptotic Theory of Independence},
  author={Boucheron, St{\'e}phane and Lugosi, G{\'a}bor and Massart, Pascal},
  year={2013},
  publisher={Oxford University Press, Oxford},
  MRNUMBER={3185193}
}

@book{graphical-models,
  title={Graphical Models},
  author={Lauritzen, S. L.},
  year={1996},
  series = {Oxford Statistical Science Series},
  volume = {17},
  publisher = {The Clarendon Press, Oxford University Press, New York},
  MRNUMBER = {1419991}
}

@article {auffinger,
    AUTHOR = {Auffinger, Antonio and Ben Arous, Gerard},
    TITLE = {Complexity of random smooth functions on the high-dimensional sphere},
    JOURNAL = {Ann. Probab.},
    FJOURNAL = {The Annals of Probability},
    VOLUME = {41},
    YEAR = {2013},
    NUMBER = {6},
    PAGES = {4214--4247},
    ISSN = {0091-1798},
    MRCLASS = {60B20 (60G15 60G60 82D30)},
    MRNUMBER = {3161473},
    MRREVIEWER = {Vladimir Al. Osipov},
    DOI = {10.1214/13-AOP862},
    URL = {https://doi.org/10.1214/13-AOP862},
}

@inproceedings{Kearns,
 author = {Kearns, Michael and Mansour, Yishay and Ron, Dana and Rubinfeld, Ronitt and Schapire, Robert E. and Sellie, Linda},
 title = {On the learnability of discrete distributions},
 booktitle = {Proceedings of the Twenty-sixth Annual ACM Symposium on Theory of Computing},
 series = {STOC '94},
 year = {1994},
 isbn = {0-89791-663-8},
 location = {Montreal, Quebec, Canada},
 pages = {273--282},
 numpages = {10},
 url = {http://doi.acm.org/10.1145/195058.195155},
 doi = {10.1145/195058.195155},
 acmid = {195155},
 publisher = {ACM},
 address = {New York, NY, USA},
} 

@article{KMV,
author = "Adam Kalai and Ankur Moitra and Gregory Valiant",
title = "Disentangling {G}aussians",
journal = "Comm. ACM",
volume = "55",
number = "2",
year = "2012",
}

@book{understanding,
  title={Understanding Machine Learning: From Theory to Algorithms},
  author={Shalev-Shwartz, Shai and Ben-David, Shai},
  year={2014},
  publisher={Cambridge University Press}
}

@article{berthet,
  title={Exact recovery in the {I}sing blockmodel},
  author={Berthet, Quentin and Rigollet, Philippe and Srivastava, Piyush},
  journal={Ann. Statist.},
  note = {To appear, available at \url{https://arxiv.org/abs/1612.03880}},
  year = {2016}
}

@incollection {ibragimov,
    AUTHOR = {Ibragimov, Ildar},
     TITLE = {Estimation of analytic functions},
 BOOKTITLE = {State of the Art in Probability and Statistics ({L}eiden,
              1999)},
    SERIES = {IMS Lecture Notes Monogr. Ser.},
    VOLUME = {36},
     PAGES = {359--383},
 PUBLISHER = {Inst. Math. Statist., Beachwood, OH},
      YEAR = {2001},
   MRCLASS = {62G05 (62G07 62G08 62G20)},
  MRNUMBER = {1836570},
MRREVIEWER = {Andreas Futschik},
       DOI = {10.1214/lnms/1215090078},
       URL = {https://doi.org/10.1214/lnms/1215090078},
}

@book {devroye-gyorfi,
    AUTHOR = {Devroye, Luc and Gy\"orfi, L\'aszl\'o},
    TITLE = {Nonparametric Density Estimation: The $L_1$ View},
    SERIES = {Wiley Series in Probability and Mathematical Statistics: Tracts on Probability and Statistics},
    PUBLISHER = {John Wiley \& Sons, Inc., New York},
    YEAR = {1985},
    PAGES = {xi+356},
    ISBN = {0-471-81646-9},
    MRCLASS = {62G05 (60F05 62H30)},
    MRNUMBER = {780746},
    MRREVIEWER = {Paul Deheuvels},
}

@incollection {Diakonikolas2016,
    AUTHOR = {Diakonikolas, Ilias},
    TITLE = {Learning structured distributions},
    BOOKTITLE = {Handbook of Big Data},
    SERIES = {Chapman \& Hall/CRC Handb. Mod. Stat. Methods},
    PAGES = {267--283},
    PUBLISHER = {CRC Press, Boca Raton, FL},
    YEAR = {2016},
    MRCLASS = {62G05},
    MRNUMBER = {3674822},
}

@book {tsybakov,
    AUTHOR = {Tsybakov, Alexandre B.},
     TITLE = {Introduction to Nonparametric Estimation},
    SERIES = {Springer Series in Statistics},
      NOTE = {Revised and extended from the 2004 French original,
              Translated by Vladimir Zaiats},
 PUBLISHER = {Springer, New York},
      YEAR = {2009},
     PAGES = {xii+214},
      ISBN = {978-0-387-79051-0},
   MRCLASS = {62-01 (62G05 62G07 62G08 62G20)},
  MRNUMBER = {2724359},
       DOI = {10.1007/b13794},
       URL = {https://doi.org/10.1007/b13794},
}

@book {deeplearningbook,
    AUTHOR = {Goodfellow, Ian and Bengio, Yoshua and Courville, Aaron},
     TITLE = {Deep Learning},
    SERIES = {Adaptive Computation and Machine Learning},
 PUBLISHER = {MIT Press, Cambridge, MA},
      YEAR = {2016},
     PAGES = {xxii+775},
      ISBN = {978-0-262-03561-3},
   MRCLASS = {68-02 (62-02 62H25 62H99 68T05)},
  MRNUMBER = {3617773},
}